<?xml version="1.0" encoding="UTF-8" ?><marc:collection xmlns:marc="http://www.loc.gov/MARC21/slim" xmlns:xsi="http://www.w3.org/2001/XMLSchema-instance" xsi:schemaLocation="http://www.loc.gov/MARC21/slim http://www.loc.gov/standards/marcxml/schema/MARC21slim.xsd">
<marc:record><marc:leader>01974cam a2200385Ii 4500</marc:leader>
<marc:controlfield tag="001">b12904600</marc:controlfield>
<marc:controlfield tag="003">UaCaAUL</marc:controlfield><marc:controlfield tag="005">20170313021948.0</marc:controlfield><marc:controlfield tag="008">870519s1919    ua            000 0 arard</marc:controlfield><marc:datafield tag="035" ind1=" " ind2=" "><marc:subfield code="a">(OCoLC)23516807</marc:subfield></marc:datafield><marc:datafield tag="040" ind1=" " ind2=" "><marc:subfield code="a">EYM</marc:subfield><marc:subfield code="b">eng</marc:subfield><marc:subfield code="e">rda</marc:subfield><marc:subfield code="c">EYM</marc:subfield><marc:subfield code="d">OCLCQ</marc:subfield><marc:subfield code="d">OCLCG</marc:subfield><marc:subfield code="d">OCLCQ</marc:subfield><marc:subfield code="d">OCLCF</marc:subfield><marc:subfield code="d">OCLCQ</marc:subfield><marc:subfield code="d">OCLCO</marc:subfield><marc:subfield code="d">MEAUC</marc:subfield></marc:datafield><marc:datafield tag="049" ind1=" " ind2=" "><marc:subfield code="a">MAIN</marc:subfield></marc:datafield><marc:datafield tag="050" ind1=" " ind2="4"><marc:subfield code="a">D11</marc:subfield><marc:subfield code="b">.T3x 1919</marc:subfield></marc:datafield><marc:datafield tag="066" ind1=" " ind2=" "><marc:subfield code="c">(3</marc:subfield></marc:datafield><marc:datafield tag="090" ind1=" " ind2=" "><marc:subfield code="a">D11</marc:subfield><marc:subfield code="b">.T3x 1919</marc:subfield></marc:datafield><marc:datafield tag="100" ind1="0" ind2=" "><marc:subfield code="6">880-01</marc:subfield><marc:subfield code="a">Ṭabarī,</marc:subfield><marc:subfield code="d">838?-923,</marc:subfield><marc:subfield code="e">author.</marc:subfield></marc:datafield><marc:datafield tag="245" ind1="1" ind2="3"><marc:subfield code="6">880-02</marc:subfield><marc:subfield code="a">al-Āthār al-bāqiyah ʻan al-qurūn al-khālīyah /</marc:subfield><marc:subfield code="c">li-ibn Jarīr al-Ṭabarī. Wa-bi-dhaylihi al-akhbār al-qawīmah ʻan al-ḥawādith al-qadīmah / li-Abī al-Fidāʼ ṣāḥib ḥamāh.</marc:subfield></marc:datafield><marc:datafield tag="264" ind1=" " ind2="1"><marc:subfield code="6">880-03</marc:subfield><marc:subfield code="a">Miṣr,</marc:subfield><marc:subfield code="b">Maṭbaʻat Muḥammad  Muḥammad Maṭar,</marc:subfield><marc:subfield code="c">1337 H, 1919 M.</marc:subfield></marc:datafield><marc:datafield tag="300" ind1=" " ind2=" "><marc:subfield code="a">408 pages ;</marc:subfield><marc:subfield code="c">23 cm.</marc:subfield></marc:datafield><marc:datafield tag="336" ind1=" " ind2=" "><marc:subfield code="a">text</marc:subfield><marc:subfield code="b">txt</marc:subfield><marc:subfield code="2">rdacontent.</marc:subfield></marc:datafield><marc:datafield tag="337" ind1=" " ind2=" "><marc:subfield code="a">unmediated</marc:subfield><marc:subfield code="b">n</marc:subfield><marc:subfield code="2">rdamedia.</marc:subfield></marc:datafield><marc:datafield tag="338" ind1=" " ind2=" "><marc:subfield code="a">volume</marc:subfield><marc:subfield code="b">nc</marc:subfield><marc:subfield code="2">rdacarrier.</marc:subfield></marc:datafield><marc:datafield tag="500" ind1=" " ind2=" "><marc:subfield code="6">880-04</marc:subfield><marc:subfield code="a">&quot;Yubāʻ bi-ṭaraf Sayyid ʻAṭīyah al-Kutubī bi-Miṣr.&quot;</marc:subfield></marc:datafield><marc:datafield tag="650" ind1=" " ind2="0"><marc:subfield code="a">History, Ancient.</marc:subfield></marc:datafield><marc:datafield tag="650" ind1=" " ind2="0"><marc:subfield code="a">Chronology, Historical.</marc:subfield></marc:datafield><marc:datafield tag="700" ind1="1" ind2="2"><marc:subfield code="6">880-04</marc:subfield><marc:subfield code="a">Abū al-Fidāʼ Ismāʻīl ibn ʻAlī,</marc:subfield><marc:subfield code="d">1273-1331.</marc:subfield><marc:subfield code="t">Akhbār al-qawīmah ʻan al-ḥawādith al-qadīmah.</marc:subfield></marc:datafield><marc:datafield tag="880" ind1="0" ind2=" "><marc:subfield code="6">100-01/(3/r</marc:subfield><marc:subfield code="a">طبري،</marc:subfield><marc:subfield code="d">838؟-923.</marc:subfield></marc:datafield><marc:datafield tag="880" ind1="1" ind2="2"><marc:subfield code="6">245-02/(3/r</marc:subfield><marc:subfield code="a">الاثار الباقية عن القرون الخالية /</marc:subfield><marc:subfield code="c">لابن جرير الطبري. وبذيله الأخبار القويمة عن الحوادث القديمة / لأبي الفداء صاحب حماه..</marc:subfield></marc:datafield><marc:datafield tag="880" ind1=" " ind2="1"><marc:subfield code="6">264-03/(3/r</marc:subfield><marc:subfield code="a">مصر،</marc:subfield><marc:subfield code="b">مطبعة محمد  محمد مطر،</marc:subfield><marc:subfield code="c">1337 هـ، 1919 م..</marc:subfield></marc:datafield><marc:datafield tag="880" ind1=" " ind2=" "><marc:subfield code="6">500-04/(3/r</marc:subfield><marc:subfield code="a">&quot;يباع بطرف سيد عطية الكتبي بمصر&quot;..</marc:subfield></marc:datafield><marc:datafield tag="880" ind1="1" ind2="2"><marc:subfield code="6">700-05/(3/r</marc:subfield><marc:subfield code="a">أبو الفداء إسماعيل بن علي،</marc:subfield><marc:subfield code="d">1273-1331.</marc:subfield><marc:subfield code="t">أخبار القويمة عن الحوادث القديمة.</marc:subfield></marc:datafield><marc:datafield tag="907" ind1=" " ind2=" "><marc:subfield code="a">.b12904600</marc:subfield><marc:subfield code="b">main </marc:subfield></marc:datafield><marc:datafield tag="902" ind1=" " ind2=" "><marc:subfield code="a">170329</marc:subfield></marc:datafield><marc:datafield tag="998" ind1=" " ind2=" "><marc:subfield code="b">1</marc:subfield><marc:subfield code="c">021217</marc:subfield><marc:subfield code="d">m</marc:subfield><marc:subfield code="e">a</marc:subfield><marc:subfield code="f">-</marc:subfield><marc:subfield code="g">3</marc:subfield><marc:subfield code="k">MAH</marc:subfield></marc:datafield><marc:datafield tag="945" ind1=" " ind2=" "><marc:subfield code="l">main </marc:subfield></marc:datafield></marc:record>
</marc:collection>
